<?xml version="1.0" encoding="UTF-8"?><collection xmlns="http://www.loc.gov/MARC21/slim"><record><leader>00409nam--2200133-i-4500</leader><controlfield tag="001">000046540</controlfield><controlfield tag="002">20161230</controlfield><controlfield tag="005">20161230201046</controlfield><controlfield tag="008">060222s1000------------r-----000-0-eng-d</controlfield><datafield ind1=" " ind2=" " tag="080"><subfield code="a">669:539.2</subfield></datafield><datafield ind1=" " ind2=" " tag="100"><subfield code="a">Villet,Didier</subfield></datafield><datafield ind1=" " ind2=" " tag="245"><subfield code="a">Heterodifusion a diluation infinite du polonium 210 dansle cuivre,l`argent et l`or. these</subfield></datafield><datafield ind1=" " ind2=" " tag="260"><subfield code="a">Orsay-paris, Fac.Des Sc.D`Orsay, Univ.De Paris, 1970. 105 P</subfield></datafield><datafield ind1=" " ind2=" " tag="852"><subfield code="a">35800</subfield></datafield></record></collection>